%YAML 1.1
%TAG !u! tag:unity3d.com,2011:
--- !u!1 &827699377136446251
GameObject:
  m_ObjectHideFlags: 0
  m_CorrespondingSourceObject: {fileID: 0}
  m_PrefabInstance: {fileID: 0}
  m_PrefabAsset: {fileID: 0}
  serializedVersion: 6
  m_Component:
  - component: {fileID: 4406717166730172728}
  - component: {fileID: 3842788175044628476}
  m_Layer: 0
  m_Name: AlterraMug07
  m_TagString: Untagged
  m_Icon: {fileID: 0}
  m_NavMeshLayer: 0
  m_StaticEditorFlags: 0
  m_IsActive: 1
--- !u!4 &4406717166730172728
Transform:
  m_ObjectHideFlags: 0
  m_CorrespondingSourceObject: {fileID: 0}
  m_PrefabInstance: {fileID: 0}
  m_PrefabAsset: {fileID: 0}
  m_GameObject: {fileID: 827699377136446251}
  m_LocalRotation: {x: 0, y: 0, z: 0, w: 1}
  m_LocalPosition: {x: 0, y: 0, z: 0}
  m_LocalScale: {x: 1, y: 1, z: 1}
  m_Children:
  - {fileID: 7506634041025359688}
  - {fileID: 403880831909873142}
  m_Father: {fileID: 0}
  m_RootOrder: 0
  m_LocalEulerAnglesHint: {x: 0, y: 0, z: 0}
--- !u!205 &3842788175044628476
LODGroup:
  m_ObjectHideFlags: 0
  m_CorrespondingSourceObject: {fileID: 0}
  m_PrefabInstance: {fileID: 0}
  m_PrefabAsset: {fileID: 0}
  m_GameObject: {fileID: 827699377136446251}
  serializedVersion: 2
  m_LocalReferencePoint: {x: 0.00008715689, y: 0.065273695, z: 0.0183407}
  m_Size: 0.13054739
  m_FadeMode: 0
  m_AnimateCrossFading: 0
  m_LastLODIsBillboard: 0
  m_LODs:
  - screenRelativeHeight: 0.25
    fadeTransitionWidth: 0
    renderers:
    - renderer: {fileID: 2918970030422436779}
  - screenRelativeHeight: 0.125
    fadeTransitionWidth: 0
    renderers:
    - renderer: {fileID: 2025785814447507920}
  - screenRelativeHeight: 0.01
    fadeTransitionWidth: 0
    renderers:
    - renderer: {fileID: 1677845914738125168}
  m_Enabled: 1
--- !u!1 &2720644611739827093
GameObject:
  m_ObjectHideFlags: 0
  m_CorrespondingSourceObject: {fileID: 0}
  m_PrefabInstance: {fileID: 0}
  m_PrefabAsset: {fileID: 0}
  serializedVersion: 6
  m_Component:
  - component: {fileID: 7604211683450421920}
  m_Layer: 0
  m_Name: objects
  m_TagString: Untagged
  m_Icon: {fileID: 0}
  m_NavMeshLayer: 0
  m_StaticEditorFlags: 0
  m_IsActive: 1
--- !u!4 &7604211683450421920
Transform:
  m_ObjectHideFlags: 0
  m_CorrespondingSourceObject: {fileID: 0}
  m_PrefabInstance: {fileID: 0}
  m_PrefabAsset: {fileID: 0}
  m_GameObject: {fileID: 2720644611739827093}
  m_LocalRotation: {x: 0, y: -0, z: -0, w: 1}
  m_LocalPosition: {x: -0, y: 0, z: 0}
  m_LocalScale: {x: 1, y: 1, z: 1}
  m_Children:
  - {fileID: 644989678575820508}
  - {fileID: 4854540715269780134}
  - {fileID: 8842575605703565001}
  m_Father: {fileID: 7506634041025359688}
  m_RootOrder: 1
  m_LocalEulerAnglesHint: {x: 0, y: 0, z: 0}
--- !u!1 &6236414714679216369
GameObject:
  m_ObjectHideFlags: 0
  m_CorrespondingSourceObject: {fileID: 0}
  m_PrefabInstance: {fileID: 0}
  m_PrefabAsset: {fileID: 0}
  serializedVersion: 6
  m_Component:
  - component: {fileID: 7506634041025359688}
  m_Layer: 0
  m_Name: model
  m_TagString: Untagged
  m_Icon: {fileID: 0}
  m_NavMeshLayer: 0
  m_StaticEditorFlags: 0
  m_IsActive: 1
--- !u!4 &7506634041025359688
Transform:
  m_ObjectHideFlags: 0
  m_CorrespondingSourceObject: {fileID: 0}
  m_PrefabInstance: {fileID: 0}
  m_PrefabAsset: {fileID: 0}
  m_GameObject: {fileID: 6236414714679216369}
  m_LocalRotation: {x: 0, y: -0, z: -0, w: 1}
  m_LocalPosition: {x: -0, y: 0, z: 0}
  m_LocalScale: {x: 1, y: 1, z: 1}
  m_Children:
  - {fileID: 4663686096458885682}
  - {fileID: 7604211683450421920}
  m_Father: {fileID: 4406717166730172728}
  m_RootOrder: 0
  m_LocalEulerAnglesHint: {x: 0, y: 0, z: 0}
--- !u!1 &6641176030444999698
GameObject:
  m_ObjectHideFlags: 0
  m_CorrespondingSourceObject: {fileID: 0}
  m_PrefabInstance: {fileID: 0}
  m_PrefabAsset: {fileID: 0}
  serializedVersion: 6
  m_Component:
  - component: {fileID: 4663686096458885682}
  m_Layer: 0
  m_Name: collison
  m_TagString: Untagged
  m_Icon: {fileID: 0}
  m_NavMeshLayer: 0
  m_StaticEditorFlags: 0
  m_IsActive: 1
--- !u!4 &4663686096458885682
Transform:
  m_ObjectHideFlags: 0
  m_CorrespondingSourceObject: {fileID: 0}
  m_PrefabInstance: {fileID: 0}
  m_PrefabAsset: {fileID: 0}
  m_GameObject: {fileID: 6641176030444999698}
  m_LocalRotation: {x: 0, y: -0, z: -0, w: 1}
  m_LocalPosition: {x: -0, y: 0, z: 0}
  m_LocalScale: {x: 1, y: 1, z: 1}
  m_Children:
  - {fileID: 943108892073598097}
  m_Father: {fileID: 7506634041025359688}
  m_RootOrder: 0
  m_LocalEulerAnglesHint: {x: 0, y: 0, z: 0}
--- !u!1 &6893851401138619388
GameObject:
  m_ObjectHideFlags: 0
  m_CorrespondingSourceObject: {fileID: 0}
  m_PrefabInstance: {fileID: 0}
  m_PrefabAsset: {fileID: 0}
  serializedVersion: 6
  m_Component:
  - component: {fileID: 4854540715269780134}
  - component: {fileID: 8573951898088333731}
  - component: {fileID: 2025785814447507920}
  m_Layer: 0
  m_Name: mesh_LOD1
  m_TagString: Untagged
  m_Icon: {fileID: 0}
  m_NavMeshLayer: 0
  m_StaticEditorFlags: 0
  m_IsActive: 1
--- !u!4 &4854540715269780134
Transform:
  m_ObjectHideFlags: 0
  m_CorrespondingSourceObject: {fileID: 0}
  m_PrefabInstance: {fileID: 0}
  m_PrefabAsset: {fileID: 0}
  m_GameObject: {fileID: 6893851401138619388}
  m_LocalRotation: {x: 0, y: -0, z: -0, w: 1}
  m_LocalPosition: {x: 0.000087155866, y: 0.059565987, z: 0.00018328716}
  m_LocalScale: {x: 1, y: 1, z: 1}
  m_Children: []
  m_Father: {fileID: 7604211683450421920}
  m_RootOrder: 1
  m_LocalEulerAnglesHint: {x: 0, y: 0, z: 0}
--- !u!33 &8573951898088333731
MeshFilter:
  m_ObjectHideFlags: 0
  m_CorrespondingSourceObject: {fileID: 0}
  m_PrefabInstance: {fileID: 0}
  m_PrefabAsset: {fileID: 0}
  m_GameObject: {fileID: 6893851401138619388}
  m_Mesh: {fileID: 1029975952665513187, guid: 88dc9f6673bee054e91a6da8d2e9d27c, type: 3}
--- !u!23 &2025785814447507920
MeshRenderer:
  m_ObjectHideFlags: 0
  m_CorrespondingSourceObject: {fileID: 0}
  m_PrefabInstance: {fileID: 0}
  m_PrefabAsset: {fileID: 0}
  m_GameObject: {fileID: 6893851401138619388}
  m_Enabled: 1
  m_CastShadows: 1
  m_ReceiveShadows: 1
  m_DynamicOccludee: 1
  m_MotionVectors: 1
  m_LightProbeUsage: 1
  m_ReflectionProbeUsage: 1
  m_RenderingLayerMask: 1
  m_RendererPriority: 0
  m_Materials:
  - {fileID: 2100000, guid: 48d0bfe7fbc3a964ea2db4550274462f, type: 2}
  - {fileID: 2100000, guid: 255645e526daa544e81e8e5ef3c2d342, type: 2}
  - {fileID: 2100000, guid: 35b9fc2641f0ef14fbfe8edecf4d78a0, type: 2}
  - {fileID: 2100000, guid: 81f4207dfcf76f64bbb8e2d5fa5e2652, type: 2}
  m_StaticBatchInfo:
    firstSubMesh: 0
    subMeshCount: 0
  m_StaticBatchRoot: {fileID: 0}
  m_ProbeAnchor: {fileID: 0}
  m_LightProbeVolumeOverride: {fileID: 0}
  m_ScaleInLightmap: 1
  m_ReceiveGI: 1
  m_PreserveUVs: 0
  m_IgnoreNormalsForChartDetection: 0
  m_ImportantGI: 0
  m_StitchLightmapSeams: 1
  m_SelectedEditorRenderState: 3
  m_MinimumChartSize: 4
  m_AutoUVMaxDistance: 0.5
  m_AutoUVMaxAngle: 89
  m_LightmapParameters: {fileID: 0}
  m_SortingLayerID: 0
  m_SortingLayer: 0
  m_SortingOrder: 0
--- !u!1 &7013167607981218189
GameObject:
  m_ObjectHideFlags: 0
  m_CorrespondingSourceObject: {fileID: 0}
  m_PrefabInstance: {fileID: 0}
  m_PrefabAsset: {fileID: 0}
  serializedVersion: 6
  m_Component:
  - component: {fileID: 8842575605703565001}
  - component: {fileID: 8682170587818860089}
  - component: {fileID: 1677845914738125168}
  m_Layer: 0
  m_Name: mesh_LOD2
  m_TagString: Untagged
  m_Icon: {fileID: 0}
  m_NavMeshLayer: 0
  m_StaticEditorFlags: 0
  m_IsActive: 1
--- !u!4 &8842575605703565001
Transform:
  m_ObjectHideFlags: 0
  m_CorrespondingSourceObject: {fileID: 0}
  m_PrefabInstance: {fileID: 0}
  m_PrefabAsset: {fileID: 0}
  m_GameObject: {fileID: 7013167607981218189}
  m_LocalRotation: {x: 0, y: -0, z: -0, w: 1}
  m_LocalPosition: {x: 0.000087155866, y: 0.059565987, z: 0.00018328716}
  m_LocalScale: {x: 1, y: 1, z: 1}
  m_Children: []
  m_Father: {fileID: 7604211683450421920}
  m_RootOrder: 2
  m_LocalEulerAnglesHint: {x: 0, y: 0, z: 0}
--- !u!33 &8682170587818860089
MeshFilter:
  m_ObjectHideFlags: 0
  m_CorrespondingSourceObject: {fileID: 0}
  m_PrefabInstance: {fileID: 0}
  m_PrefabAsset: {fileID: 0}
  m_GameObject: {fileID: 7013167607981218189}
  m_Mesh: {fileID: -8779550869813441642, guid: 88dc9f6673bee054e91a6da8d2e9d27c, type: 3}
--- !u!23 &1677845914738125168
MeshRenderer:
  m_ObjectHideFlags: 0
  m_CorrespondingSourceObject: {fileID: 0}
  m_PrefabInstance: {fileID: 0}
  m_PrefabAsset: {fileID: 0}
  m_GameObject: {fileID: 7013167607981218189}
  m_Enabled: 1
  m_CastShadows: 1
  m_ReceiveShadows: 1
  m_DynamicOccludee: 1
  m_MotionVectors: 1
  m_LightProbeUsage: 1
  m_ReflectionProbeUsage: 1
  m_RenderingLayerMask: 1
  m_RendererPriority: 0
  m_Materials:
  - {fileID: 2100000, guid: 48d0bfe7fbc3a964ea2db4550274462f, type: 2}
  - {fileID: 2100000, guid: 255645e526daa544e81e8e5ef3c2d342, type: 2}
  - {fileID: 2100000, guid: 81f4207dfcf76f64bbb8e2d5fa5e2652, type: 2}
  - {fileID: 2100000, guid: 35b9fc2641f0ef14fbfe8edecf4d78a0, type: 2}
  m_StaticBatchInfo:
    firstSubMesh: 0
    subMeshCount: 0
  m_StaticBatchRoot: {fileID: 0}
  m_ProbeAnchor: {fileID: 0}
  m_LightProbeVolumeOverride: {fileID: 0}
  m_ScaleInLightmap: 1
  m_ReceiveGI: 1
  m_PreserveUVs: 0
  m_IgnoreNormalsForChartDetection: 0
  m_ImportantGI: 0
  m_StitchLightmapSeams: 1
  m_SelectedEditorRenderState: 3
  m_MinimumChartSize: 4
  m_AutoUVMaxDistance: 0.5
  m_AutoUVMaxAngle: 89
  m_LightmapParameters: {fileID: 0}
  m_SortingLayerID: 0
  m_SortingLayer: 0
  m_SortingOrder: 0
--- !u!1 &8283580177284365783
GameObject:
  m_ObjectHideFlags: 0
  m_CorrespondingSourceObject: {fileID: 0}
  m_PrefabInstance: {fileID: 0}
  m_PrefabAsset: {fileID: 0}
  serializedVersion: 6
  m_Component:
  - component: {fileID: 943108892073598097}
  - component: {fileID: 5451366572650007735}
  m_Layer: 0
  m_Name: Unity_Collison_Object_0
  m_TagString: Untagged
  m_Icon: {fileID: 0}
  m_NavMeshLayer: 0
  m_StaticEditorFlags: 0
  m_IsActive: 1
--- !u!4 &943108892073598097
Transform:
  m_ObjectHideFlags: 0
  m_CorrespondingSourceObject: {fileID: 0}
  m_PrefabInstance: {fileID: 0}
  m_PrefabAsset: {fileID: 0}
  m_GameObject: {fileID: 8283580177284365783}
  m_LocalRotation: {x: 0, y: -0, z: -0, w: 1}
  m_LocalPosition: {x: -0, y: 0.06847934, z: 0}
  m_LocalScale: {x: 1, y: 1, z: 1}
  m_Children: []
  m_Father: {fileID: 4663686096458885682}
  m_RootOrder: 0
  m_LocalEulerAnglesHint: {x: 0, y: 0, z: 0}
--- !u!65 &5451366572650007735
BoxCollider:
  m_ObjectHideFlags: 0
  m_CorrespondingSourceObject: {fileID: 0}
  m_PrefabInstance: {fileID: 0}
  m_PrefabAsset: {fileID: 0}
  m_GameObject: {fileID: 8283580177284365783}
  m_Material: {fileID: 0}
  m_IsTrigger: 0
  m_Enabled: 1
  serializedVersion: 2
  m_Size: {x: 0.074, y: 0.119331755, z: 0.074}
  m_Center: {x: 0, y: 0, z: 0}
--- !u!1 &8521056711601557407
GameObject:
  m_ObjectHideFlags: 0
  m_CorrespondingSourceObject: {fileID: 0}
  m_PrefabInstance: {fileID: 0}
  m_PrefabAsset: {fileID: 0}
  serializedVersion: 6
  m_Component:
  - component: {fileID: 644989678575820508}
  - component: {fileID: 1024692294734811404}
  - component: {fileID: 2918970030422436779}
  m_Layer: 0
  m_Name: mesh_LOD0
  m_TagString: Untagged
  m_Icon: {fileID: 0}
  m_NavMeshLayer: 0
  m_StaticEditorFlags: 0
  m_IsActive: 1
--- !u!4 &644989678575820508
Transform:
  m_ObjectHideFlags: 0
  m_CorrespondingSourceObject: {fileID: 0}
  m_PrefabInstance: {fileID: 0}
  m_PrefabAsset: {fileID: 0}
  m_GameObject: {fileID: 8521056711601557407}
  m_LocalRotation: {x: 0, y: -0, z: -0, w: 1}
  m_LocalPosition: {x: 0.000087155866, y: 0.059565987, z: 0.00018328716}
  m_LocalScale: {x: 1, y: 1, z: 1}
  m_Children: []
  m_Father: {fileID: 7604211683450421920}
  m_RootOrder: 0
  m_LocalEulerAnglesHint: {x: 0, y: 0, z: 0}
--- !u!33 &1024692294734811404
MeshFilter:
  m_ObjectHideFlags: 0
  m_CorrespondingSourceObject: {fileID: 0}
  m_PrefabInstance: {fileID: 0}
  m_PrefabAsset: {fileID: 0}
  m_GameObject: {fileID: 8521056711601557407}
  m_Mesh: {fileID: -7676251268795185082, guid: 88dc9f6673bee054e91a6da8d2e9d27c, type: 3}
--- !u!23 &2918970030422436779
MeshRenderer:
  m_ObjectHideFlags: 0
  m_CorrespondingSourceObject: {fileID: 0}
  m_PrefabInstance: {fileID: 0}
  m_PrefabAsset: {fileID: 0}
  m_GameObject: {fileID: 8521056711601557407}
  m_Enabled: 1
  m_CastShadows: 1
  m_ReceiveShadows: 1
  m_DynamicOccludee: 1
  m_MotionVectors: 1
  m_LightProbeUsage: 1
  m_ReflectionProbeUsage: 1
  m_RenderingLayerMask: 1
  m_RendererPriority: 0
  m_Materials:
  - {fileID: 2100000, guid: 48d0bfe7fbc3a964ea2db4550274462f, type: 2}
  - {fileID: 2100000, guid: 255645e526daa544e81e8e5ef3c2d342, type: 2}
  - {fileID: 2100000, guid: 35b9fc2641f0ef14fbfe8edecf4d78a0, type: 2}
  - {fileID: 2100000, guid: 81f4207dfcf76f64bbb8e2d5fa5e2652, type: 2}
  m_StaticBatchInfo:
    firstSubMesh: 0
    subMeshCount: 0
  m_StaticBatchRoot: {fileID: 0}
  m_ProbeAnchor: {fileID: 0}
  m_LightProbeVolumeOverride: {fileID: 0}
  m_ScaleInLightmap: 1
  m_ReceiveGI: 1
  m_PreserveUVs: 0
  m_IgnoreNormalsForChartDetection: 0
  m_ImportantGI: 0
  m_StitchLightmapSeams: 1
  m_SelectedEditorRenderState: 3
  m_MinimumChartSize: 4
  m_AutoUVMaxDistance: 0.5
  m_AutoUVMaxAngle: 89
  m_LightmapParameters: {fileID: 0}
  m_SortingLayerID: 0
  m_SortingLayer: 0
  m_SortingOrder: 0
--- !u!1001 &403880831910010742
PrefabInstance:
  m_ObjectHideFlags: 0
  serializedVersion: 2
  m_Modification:
    m_TransformParent: {fileID: 4406717166730172728}
    m_Modifications:
    - target: {fileID: 100000, guid: 5a97962f7d5ba4df0823334b52c7c02c, type: 3}
      propertyPath: m_Name
      value: WhiteSmoke
      objectReference: {fileID: 0}
    - target: {fileID: 400000, guid: 5a97962f7d5ba4df0823334b52c7c02c, type: 3}
      propertyPath: m_LocalPosition.x
      value: 0
      objectReference: {fileID: 0}
    - target: {fileID: 400000, guid: 5a97962f7d5ba4df0823334b52c7c02c, type: 3}
      propertyPath: m_LocalPosition.y
      value: 0.0989
      objectReference: {fileID: 0}
    - target: {fileID: 400000, guid: 5a97962f7d5ba4df0823334b52c7c02c, type: 3}
      propertyPath: m_LocalPosition.z
      value: -0
      objectReference: {fileID: 0}
    - target: {fileID: 400000, guid: 5a97962f7d5ba4df0823334b52c7c02c, type: 3}
      propertyPath: m_LocalRotation.x
      value: -0.7071068
      objectReference: {fileID: 0}
    - target: {fileID: 400000, guid: 5a97962f7d5ba4df0823334b52c7c02c, type: 3}
      propertyPath: m_LocalRotation.y
      value: 0
      objectReference: {fileID: 0}
    - target: {fileID: 400000, guid: 5a97962f7d5ba4df0823334b52c7c02c, type: 3}
      propertyPath: m_LocalRotation.z
      value: -0
      objectReference: {fileID: 0}
    - target: {fileID: 400000, guid: 5a97962f7d5ba4df0823334b52c7c02c, type: 3}
      propertyPath: m_LocalRotation.w
      value: 0.7071068
      objectReference: {fileID: 0}
    - target: {fileID: 400000, guid: 5a97962f7d5ba4df0823334b52c7c02c, type: 3}
      propertyPath: m_RootOrder
      value: 1
      objectReference: {fileID: 0}
    - target: {fileID: 400000, guid: 5a97962f7d5ba4df0823334b52c7c02c, type: 3}
      propertyPath: m_LocalEulerAnglesHint.x
      value: 0
      objectReference: {fileID: 0}
    - target: {fileID: 400000, guid: 5a97962f7d5ba4df0823334b52c7c02c, type: 3}
      propertyPath: m_LocalEulerAnglesHint.y
      value: 0
      objectReference: {fileID: 0}
    - target: {fileID: 400000, guid: 5a97962f7d5ba4df0823334b52c7c02c, type: 3}
      propertyPath: m_LocalEulerAnglesHint.z
      value: 0
      objectReference: {fileID: 0}
    - target: {fileID: 400000, guid: 5a97962f7d5ba4df0823334b52c7c02c, type: 3}
      propertyPath: m_LocalScale.x
      value: 0.0047858693
      objectReference: {fileID: 0}
    - target: {fileID: 400000, guid: 5a97962f7d5ba4df0823334b52c7c02c, type: 3}
      propertyPath: m_LocalScale.y
      value: 0.0047900015
      objectReference: {fileID: 0}
    - target: {fileID: 400000, guid: 5a97962f7d5ba4df0823334b52c7c02c, type: 3}
      propertyPath: m_LocalScale.z
      value: 0.0047900015
      objectReference: {fileID: 0}
    - target: {fileID: 19800000, guid: 5a97962f7d5ba4df0823334b52c7c02c, type: 3}
      propertyPath: scalingMode
      value: 0
      objectReference: {fileID: 0}
    - target: {fileID: 19800000, guid: 5a97962f7d5ba4df0823334b52c7c02c, type: 3}
      propertyPath: InitialModule.startColor.maxColor.a
      value: 0.05490196
      objectReference: {fileID: 0}
    m_RemovedComponents: []
  m_SourcePrefab: {fileID: 100100000, guid: 5a97962f7d5ba4df0823334b52c7c02c, type: 3}
--- !u!4 &403880831909873142 stripped
Transform:
  m_CorrespondingSourceObject: {fileID: 400000, guid: 5a97962f7d5ba4df0823334b52c7c02c,
    type: 3}
  m_PrefabInstance: {fileID: 403880831910010742}
  m_PrefabAsset: {fileID: 0}
